% This file was created with Citavi 5.5.0.1

@misc{Basho.01.04.2017,
 author = {Basho},
 year = {01.04.2017},
 title = {Riak KV},
 url = {http://basho.com/products/riak-kv/},
 address = {Bellevue, Washington},
 urldate = {01.04.2017}
}


